<collection xmlns="http://www.loc.gov/MARC21/slim">
<record>
  <leader>01053nam0a22002411i 450 </leader>
  <controlfield tag="001">IT\ICCU\CNCE\056964</controlfield>
  <controlfield tag="005">20160727000000.0</controlfield>
  <datafield tag="012" ind1=" " ind2=" ">
    <subfield code="a">e.er o-,i onse deco (3) 1528 (R)</subfield>
    <subfield code="2">fei</subfield>
  </datafield>
  <datafield tag="100" ind1=" " ind2=" ">
    <subfield code="a">20040330d1528        0itac0103    ba</subfield>
  </datafield>
  <datafield tag="101" ind1=" " ind2=" ">
    <subfield code="a">ITA</subfield>
  </datafield>
  <datafield tag="102" ind1=" " ind2=" ">
    <subfield code="a">IT</subfield>
  </datafield>
  <datafield tag="200" ind1="1" ind2=" ">
    <subfield code="a">Pistola bellissima di messer Giouanni Boccaccio a  messer Pino de Rossi  da messer Tizzone Gaetano di Posi diligentemente riuista</subfield>
  </datafield>
  <datafield tag="210" ind1=" " ind2=" ">
    <subfield code="e">Stampata in Vinegia</subfield>
    <subfield code="g">per Girolamo Pentio da Lecco</subfield>
    <subfield code="h">1528. Adi XXX di Genaro</subfield>
  </datafield>
  <datafield tag="215" ind1=" " ind2=" ">
    <subfield code="a">\4!, 29, \3! p.</subfield>
    <subfield code="d">8ʻ</subfield>
  </datafield>
  <datafield tag="620" ind1=" " ind2=" ">
    <subfield code="a">IT</subfield>
    <subfield code="d">Venezia</subfield>
  </datafield>
  <datafield tag="700" ind1=" " ind2="1">
    <subfield code="a">Boccaccio,</subfield>
    <subfield code="b">Giovanni</subfield>
    <subfield code="3">IT\ICCU\CNCA\000142</subfield>
  </datafield>
  <datafield tag="712" ind1="0" ind2="0">
    <subfield code="a">Penzio, Girolamo</subfield>
    <subfield code="3">IT\ICCU\CNCT\001082</subfield>
    <subfield code="4">650</subfield>
  </datafield>
  <datafield tag="791" ind1="0" ind2="0">
    <subfield code="a">Pencius, Hieronymus</subfield>
    <subfield code="3">IT\ICCU\CNCT\002486</subfield>
    <subfield code="z">Penzio, Girolamo</subfield>
  </datafield>
  <datafield tag="791" ind1="0" ind2="0">
    <subfield code="a">Pencio, Girolamo</subfield>
    <subfield code="3">IT\ICCU\CNCT\002487</subfield>
    <subfield code="z">Penzio, Girolamo</subfield>
  </datafield>
  <datafield tag="791" ind1="0" ind2="2">
    <subfield code="a">Girolamo da Lecco</subfield>
    <subfield code="3">IT\ICCU\CNCT\003078</subfield>
    <subfield code="z">Penzio, Girolamo</subfield>
  </datafield>
  <datafield tag="791" ind1="0" ind2="0">
    <subfield code="a">Pentius, Hieronymus</subfield>
    <subfield code="3">IT\ICCU\CNCT\004035</subfield>
    <subfield code="z">Penzio, Girolamo</subfield>
  </datafield>
  <datafield tag="791" ind1="0" ind2="0">
    <subfield code="a">Pentio, Girolamo</subfield>
    <subfield code="3">IT\ICCU\CNCT\005368</subfield>
    <subfield code="z">Penzio, Girolamo</subfield>
  </datafield>
  <datafield tag="801" ind1=" " ind2="3">
    <subfield code="a">IT</subfield>
    <subfield code="b">ICCU</subfield>
    <subfield code="c">20201115</subfield>
  </datafield>
</record>
</collection>
